@INPROCEEDINGS{kd2016, 
author={M. H. Kolekar and D. P. Dash}, 
booktitle={2016 IEEE Region 10 Conference (TENCON)}, 
title={Hidden Markov Model based human activity recognition using shape and optical flow based features}, 
year={2016}, 
volume={}, 
number={}, 
pages={393-397}, 
keywords={cameras;computer vision;hidden Markov models;monitoring;pattern classification;support vector machines;ANOVA test;bending;cameras;computer vision application;feature extraction;hand waving;hidden Markov model;human activity recognition;least square support vector machine classifier;monitoring;optical flow features;shape;side gallop activities;Activity recognition;Databases;Feature extraction;Hidden Markov models;Shape;Support vector machines;Videos;ANOVA test;Hidden Markov Model classifier;Least square support vector machine classifier;Optical Flow}, 
doi={10.1109/TENCON.2016.7848028}, 
ISSN={}, 
month={Nov},}
